<record><leader>00000cas a2200000 a 4500</leader><controlfield tag="001">10847332</controlfield><controlfield tag="008">840615d18051821nyuwr ne      0    0eng c</controlfield><datafield ind1=" " ind2=" " tag="010"><subfield code="a">sn 84031005 </subfield></datafield><datafield ind1=" " ind2=" " tag="040"><subfield code="a">NYG</subfield><subfield code="b">eng</subfield><subfield code="c">NYG</subfield><subfield code="d">DLC</subfield><subfield code="d">NPA</subfield><subfield code="d">NPX</subfield><subfield code="d">NJW</subfield><subfield code="d">KNP</subfield><subfield code="d">NYS</subfield><subfield code="d">HUL</subfield><subfield code="d">TGN</subfield><subfield code="d">OCL</subfield><subfield code="d">CVF</subfield><subfield code="d">DLC</subfield><subfield code="d">IUL</subfield><subfield code="d">KRTAS</subfield><subfield code="d">OCLCQ</subfield><subfield code="d">OCLCF</subfield></datafield><datafield ind1="1" ind2=" " tag="029"><subfield code="a">AU@</subfield><subfield code="b">000040191295</subfield></datafield><datafield ind1=" " ind2=" " tag="042"><subfield code="a">pcc</subfield></datafield><datafield ind1=" " ind2=" " tag="043"><subfield code="a">n-us-ny</subfield></datafield><datafield ind1="0" ind2="0" tag="050"><subfield code="a">Newspaper</subfield></datafield><datafield ind1="0" ind2="0" tag="245"><subfield code="a">Otsego herald.</subfield></datafield><datafield ind1=" " ind2=" " tag="260"><subfield code="a">Cooperstown, N.Y. :</subfield><subfield code="b">Elihu Phinney,</subfield><subfield code="c">1805-1821.</subfield></datafield><datafield ind1=" " ind2=" " tag="300"><subfield code="a">16 v. :</subfield><subfield code="b">ill. (chiefly advertisements) ;</subfield><subfield code="c">52 cm.</subfield></datafield><datafield ind1=" " ind2=" " tag="310"><subfield code="a">Weekly</subfield></datafield><datafield ind1="0" ind2=" " tag="362"><subfield code="a">Vol. 11, no. 547 (Sept. 19, 1805)-v. 26, no. 1349 (Jan. 29, 1821).</subfield></datafield><datafield ind1=" " ind2=" " tag="500"><subfield code="a">Imprint varies: Otsego, N.Y., Apr. 16, 1807-July 10, 1813.</subfield></datafield><datafield ind1=" " ind2=" " tag="500"><subfield code="a">Publishers: H. &amp; E. Phinney, 1813; I.W. Clark, for the Proprietors, 1813-1814; H. &amp; E. Phinney, 1814-1821.</subfield></datafield><datafield ind1=" " ind2=" " tag="530"><subfield code="a">Also issued in microform from Readex Microprint Corp.</subfield></datafield><datafield ind1=" " ind2="0" tag="651"><subfield code="a">Cooperstown (N.Y.)</subfield><subfield code="v">Newspapers.</subfield></datafield><datafield ind1=" " ind2="0" tag="651"><subfield code="a">Otsego County (N.Y.)</subfield><subfield code="v">Newspapers.</subfield></datafield><datafield ind1=" " ind2="7" tag="655"><subfield code="a">Newspapers.</subfield><subfield code="2">fast</subfield><subfield code="0">(OCoLC)fst01423814</subfield></datafield><datafield ind1=" " ind2="7" tag="651"><subfield code="a">New York (State)</subfield><subfield code="z">Cooperstown.</subfield><subfield code="2">fast</subfield><subfield code="0">(OCoLC)fst01219225</subfield></datafield><datafield ind1=" " ind2="7" tag="651"><subfield code="a">New York (State)</subfield><subfield code="z">Otsego County.</subfield><subfield code="2">fast</subfield><subfield code="0">(OCoLC)fst01207820</subfield></datafield><datafield ind1="1" ind2=" " tag="700"><subfield code="a">Phinney, Elihu,</subfield><subfield code="d">1756-1813.</subfield></datafield><datafield ind1="1" ind2=" " tag="700"><subfield code="a">Clark, Israel W.,</subfield><subfield code="d">1789?-1828.</subfield></datafield><datafield ind1=" " ind2=" " tag="752"><subfield code="a">United States</subfield><subfield code="b">New York</subfield><subfield code="c">Otsego</subfield><subfield code="d">Cooperstown.</subfield></datafield><datafield ind1=" " ind2=" " tag="752"><subfield code="a">United States</subfield><subfield code="b">New York</subfield><subfield code="c">Otsego</subfield><subfield code="d">Otsego.</subfield></datafield><datafield ind1="0" ind2="0" tag="780"><subfield code="t">Otsego herald; or, Western advertiser</subfield><subfield code="w">(DLC)sn 83031207</subfield><subfield code="w">(OCoLC)9820327</subfield></datafield><datafield ind1=" " ind2=" " tag="938"><subfield code="a">Kirtas Technologies, Inc.</subfield><subfield code="b">KRTS</subfield><subfield code="n">738519</subfield></datafield></record>